@article{terven2023comprehensive,
  author = {J. Terven and D.-M. Córdova-Esparza and J.-A. Romero-González},
  title = {A Comprehensive Review of YOLO Architectures in Computer Vision: From YOLOv1 to YOLOv8 and YOLO-NAS},
  journal = {Mach Learn Knowl Extr},
  volume = {5},
  number = {4},
  pages = {1680--1716},
  year = {2023},
  doi = {10.3390/make5040083}
}

@article{reis2023real,
  author = {D. Reis and J. Kupec and J. Hong and A. Daoudi},
  title = {Real-Time Flying Object Detection with YOLOv8},
  month = {5},
  year = {2023},
  note = {Accessed: 8 June 2024. [Online]. Available: https://arxiv.org/pdf/2305.09972}
}

@article{safaldin2024improved,
  author = {M. Safaldin and N. Zaghden and M. Mejdoub},
  title = {An Improved YOLOv8 to Detect Moving Objects},
  journal = {IEEE Access},
  volume = {12},
  pages = {59782--59806},
  year = {2024},
  doi = {10.1109/ACCESS.2024.3393835}
}

@article{han2023improving,
  author = {T. Han and T. Cao and Y. Zheng and L. Chen and Y. Wang and B. Fu},
  title = {Improving the Detection and Positioning of Camouflaged Objects in YOLOv8},
  journal = {Electronics (Basel)},
  volume = {12},
  number = {20},
  pages = {4213},
  month = {10},
  year = {2023},
  doi = {10.3390/electronics12204213}
}

@article{tian2019fcos,
  author = {Z. Tian and C. Shen and H. Chen and T. He},
  title = {FCOS: Fully Convolutional One-Stage Object Detection},
  month = {4},
  year = {2019}
}

@inproceedings{wang2018anchor,
  author = {C. Wang and Z. Luo and S. Lian and S. Li},
  title = {Anchor Free Network for Multi-Scale Face Detection},
  booktitle = {2018 24th International Conference on Pattern Recognition (ICPR)},
  pages = {1554--1559},
  month = {8},
  year = {2018},
  doi = {10.1109/ICPR.2018.8545814}
}

@misc{openmmlab2023dive,
  author = {OpenMMLab},
  title = {Dive into YOLOv8: How does this state-of-the-art model work?},
  howpublished = {\url{https://openmmlab.medium.com/dive-into-yolov8-how-does-this-state-of-the-art-model-work-10f18f74bab1}},
  month = {1},
  year = {2023}
}
